<?xml version="1.0" encoding="UTF-8"?><collection xmlns="http://www.loc.gov/MARC21/slim"><record><leader>00558nam--2200169-i-4500</leader><controlfield tag="001">000030646</controlfield><controlfield tag="002">20161230</controlfield><controlfield tag="005">20170107014843</controlfield><controlfield tag="008">060222s1000------------r-----000-0-eng-d</controlfield><datafield ind1=" " ind2=" " tag="080"><subfield code="a">543.53(063)</subfield></datafield><datafield ind1=" " ind2=" " tag="245"><subfield code="a">Nuclear and atomic activation analysis. Conference and 19th Annual Meeting on Analytical Chemistry in Nuclear Technology. Gatlinburg, Tennesse, USA, Oct. 1975</subfield></datafield><datafield ind1=" " ind2=" " tag="260"><subfield code="a">Budapest</subfield><subfield code="b">Akad©♭miai Kiad©đ</subfield><subfield code="c">1976</subfield></datafield><datafield ind1=" " ind2=" " tag="300"><subfield code="a">242 p</subfield></datafield><datafield ind1=" " ind2=" " tag="490"><subfield code="a">Proceedings Of The International</subfield></datafield><datafield ind1=" " ind2=" " tag="700"><subfield code="a">Braun, T</subfield></datafield><datafield ind1=" " ind2=" " tag="852"><subfield code="a">43941</subfield></datafield><datafield ind1=" " ind2=" " tag="CAT"><subfield code="a">SYS</subfield><subfield code="c">20170107</subfield><subfield code="h">014843</subfield></datafield></record></collection>